@article{einstein1915,
  author  = {Albert Einstein},
  title   = {Die Feldgleichungen der Gravitation},
  journal = {Sitzungsberichte der Preußischen Akademie der Wissenschaften},
  year    = {1915},
  pages   = {844--847}
}

@article{shapiro1964,
  author  = {Irwin I. Shapiro},
  title   = {Fourth Test of General Relativity},
  journal = {Physical Review Letters},
  year    = {1964},
  volume  = {13},
  number  = {26},
  pages   = {789--791}
}

@article{rubin1970,
  author  = {Vera C. Rubin and W. Kent Ford},
  title   = {Rotation of the Andromeda Nebula from a Spectroscopic Survey of Emission Regions},
  journal = {Astrophysical Journal},
  year    = {1970},
  volume  = {159},
  pages   = {379--403}
}

@book{weber1846,
  author    = {Wilhelm Weber},
  title     = {Elektrodynamische Maassbestimmungen},
  publisher = {Weidmannsche Buchhandlung},
  year      = {1846},
  address   = {Leipzig}
}

@article{bohm1952,
  author  = {David Bohm},
  title   = {A Suggested Interpretation of the Quantum Theory in Terms of "Hidden" Variables},
  journal = {Physical Review},
  year    = {1952},
  volume  = {85},
  number  = {2},
  pages   = {166--193}
}

@book{tisserand1894,
  author    = {François Tisserand},
  title     = {Traité de Mécanique Céleste, Tome IV},
  publisher = {Gauthier-Villars},
  year      = {1894},
  address   = {Paris},
  note      = {Kapitel 28: "Lois électrodynamiques de Weber appliquées à la gravitation"}
}
